@article{wu-line,
   author = {Xiaolin Wu},
   title = {An efficient anti-aliasing technique},
   journal = {Computer Graphics},
   volume = 25,
   year = 1991,
   pages = {143-152}
}

@book{hart-pattern,
    author = {Richard O. Duda and Peter E. Hart and David G. Stork},
    title = {Pattern Classification},
    publisher = {Wiley-Interscience},
    year = 2001,
    edition = 2,
    isbn = {0471056693}
}
